<?xml version="1.0" encoding="UTF-8"?><record xmlns="http://www.loc.gov/MARC21/slim" xmlns:cinclude="http://apache.org/cocoon/include/1.0" xmlns:zs="http://www.loc.gov/zing/srw/">
  <leader>00637nz  a2200157n  4500</leader>
  <controlfield tag="001">n 2009064360</controlfield>
  <controlfield tag="003">DLC</controlfield>
  <controlfield tag="005">20091008075319.0</controlfield>
  <controlfield tag="008">091007n| acannaabn          |b aaa      </controlfield>
  <datafield tag="010" ind1=" " ind2=" ">
    <subfield code="a">n 2009064360</subfield>
  </datafield>
  <datafield tag="040" ind1=" " ind2=" ">
    <subfield code="a">DLC</subfield>
    <subfield code="b">eng</subfield>
    <subfield code="c">DLC</subfield>
  </datafield>
  <datafield tag="100" ind1="1" ind2=" ">
    <subfield code="a">Kim, Sŭng-bok,</subfield>
    <subfield code="d">1926-2004</subfield>
  </datafield>
  <datafield tag="400" ind1="1" ind2=" ">
    <subfield code="a">김 승복,</subfield>
    <subfield code="d">1926-2004</subfield>
  </datafield>
  <datafield tag="400" ind1="1" ind2=" ">
    <subfield code="a">Wŏlsan,</subfield>
    <subfield code="d">1926-2004</subfield>
  </datafield>
  <datafield tag="667" ind1=" " ind2=" ">
    <subfield code="a">Non-Latin script reference not evaluated</subfield>
  </datafield>
  <datafield tag="670" ind1=" " ind2=" ">
    <subfield code="a">Chʻŏnjae habang, 2009:</subfield>
    <subfield code="b">t.p. (김 승복 = Kim Sŭng-bok; h. Wŏlsan) p. 357 (b. June 27, 1926 in Pʻyŏngbuk Chŏngju-gun; sangju sŏndosa, Chʻŏndogyo Chungang Chʻongbu; taepʻyo isa, Yŏngjin Kongŏpsa; d. Oct. 4, 2004)</subfield>
  </datafield>
</record>